''
@book{bardin2011,
    author = {Bardin, Lawrence},
    title = {Análise de Conteúdo},
    publisher = {Edições 70},
    year = {2011}
}

@article{brunswicker2018,
	Author = {Brunswicker, Sabine and Chesbrough, Henry},
	Title = {The Adoption of Open Innovation in Large Firms},
	Journal = {Research-Technology Management},
	Volume = {61},
	Number = {1},
	Pages = {35-45},
	Year = {2018},
	Url = {https://doi.org/10.1080/08956308.2018.1399022},
	Urlaccessdate = {19 mar. 2025}
}

@misc{calefato2016,
	Author = {Calefato, Fabio and Lanubile, Filippo and De Nicolo, Roberto and Lippolis, Fabrizio},
	Title = {A University-NGO partnership to sustain assistive technology projects},
	Year = {2016},
	Url = {https://doi.org/10.1145/2883619},
	Urlaccessdate = {25 mar. 2025}
}

@misc{cartaxo2020,
	Author = {Cartaxo, Bruno and Pinto, Gustavo and Soares, Sérgio},
	Title = {Rapid Reviews in Software Engineering},
	Year = {2020},
	Url = {https://link.springer.com/chapter/10.1007/978-3-030-32489-6_13#citeas},
	Urlaccessdate = {19 nov. 2024}
}

@book{chesbrough2003,
	Author = {Chesbrough, Henry},
	Address = {Porto Alegre},
	Publisher = {Bookman},
	Title = {Inovação aberta: como criar e lucrar com a tecnologia},
	Year = {2003}
}

@book{chesbrough2014,
	Author = {Chesbrough, Henry and Vanhaverbeke, Wim and West, Joel},
	Address = {Porto Alegre},
	Publisher = {Bookman},
	Title = {Novas fronteiras em inovação aberta},
	Year = {2014}
}

@book{christensen2012,
	Author = {Christensen, Clayton},
	Address = {São Paulo},
	Publisher = {M.Books do Brasil},
	Title = {O dilema da inovação},
	Year = {2012}
}

@book{creswell2007,
	Author = {Creswell, John},
	Address = {Porto Alegre},
	Publisher = {Bookman},
	Title = {Projeto de pesquisa: Métodos qualitativo, quantitativo e misto},
	Year = {2007}
}

@misc{cne2018,
  author = {CÂMARA DE EDUCAÇÃO SUPERIOR DO MINISTÉRIO DA EDUCAÇÃO - CNE/MEC},
  title = {Resolução CNE/CES nº 7, de 18 de dezembro de 2018},
  year = {2018},
  url = {https://normativasconselhos.mec.gov.br/normativa/pdf/CNE_RES_CNECESN72018.pdf},
  note = {Acesso em: 11 nov. 2024.}
}

@misc{correa2021,
  author = {Correa, Juliana de Souza},
  title = {Terceira Missão das Universidades},
  year = {2021},
  url = {https://via.ufsc.br/terceira-missao-das-universidades/},
  note = {Acesso em: 17 nov. 2024.}
}

@inproceedings{ferrario2014,
author = {Ferrario, Maria Angela and Simm, Will and Newman, Peter and Forshaw, Stephen and Whittle, Jon},
title = {Software engineering for 'social good': integrating action research, participatory design, and agile development},
year = {2014},
isbn = {9781450327688},
publisher = {Association for Computing Machinery},
address = {New York, NY, USA},
url = {https://doi.org/10.1145/2591062.2591121},
doi = {10.1145/2591062.2591121},
booktitle = {Companion Proceedings of the 36th International Conference on Software Engineering},
pages = {520–523},
numpages = {4},
keywords = {action research, agile methods, socially conscious software},
location = {Hyderabad, India},
series = {ICSE Companion 2014},
note = {Acesso em: 23 mar. 2025.}
}

@misc{forproex2016,
	Author = {Fórum de Pró-Reitores de Extensão das Instituições Públicas de Educação Superior Brasileiras - FORPROEX},
	Title = {Política Nacional de Extensão Universitária},
	Year = {2016},
	Url = {https://proex.ufsc.br/files/2016/04/Pol%C3%ADtica-Nacional-de-Extens%C3%A3o-Universit%C3%A1ria-e-book.pdf},
	Urlaccessdate = {11 nov. 2024}
}

@article{gama2023,
	Author = {Gama, Kiev and Valenca, George and Lauredon, Candy Estelle Marques and Marques, Ájo Nasidi and Ramos Luis Eduardo and Amaral Ravena and Barros, Clarissa Maria Dubeux Lopes and Xavier, Guilherme},
	Title = {Hackathons as Inclusive Spaces for Prototyping Software in Open Social Innovation with NGOs},
	Journal = {2023 IEEE/ACM 45th International Conference on Software Engineering: Software Engineering in Society (ICSE-SEIS)},
	Year = {2023},
	Pages = {58-70},
	Url = {http://dx.doi.org/10.1109/icse-seis58686.2023.00012},
	Urlaccessdate = {11 nov. 2024}
}

@article{gegenhuber2023,
	Author = {Gegenhuber, Thomas and Mair, Johanna},
	Title = {Open social innovation: taking stock and moving forward},
	Journal = {Industry and Innovation},
	Volume = {31},
	Number = {1},
	Pages = {130-157},
	Year = {2023},
	Url = {https://www.tandfonline.com/doi/epdf/10.1080/13662716.2023.2271863?needAccess=true},
	Urlaccessdate = {11 nov. 2024}
}

@book{gil2002,
	Author = {Gil, Antonio Carlos},
	Address = {São Paulo},
	Publisher = {Editora Atlas},
	Title = {Como Elaborar Projetos de Pesquisa},
	Year = {2002}
}

@article{klaumann2023,
	Author = {Klaumann, Ana Paula and Tatsch, Ana Lúcia},
	Title = {A Extensão Universitária como um caminho para a Inovação Social: análises a partir da Universidade Federal do Rio Grande do Sul},
	Journal = {Revista Brasileira de Inovação},
	Volume = {22},
	Pages = {1-34},
	Year = {2023},
	Url = {https://www.scielo.br/j/rbi/a/GJ4hx8DV6Zh3v785x3YPNBq/?format=pdf&lang=pt},
	Urlaccessdate = {11 nov. 2024}
}

@book{marconi2003,
	Author = {Marconi, Marina de Andrade Matos and Lakatos, Maria Eva},
	Address = {São Paulo},
	Publisher = {Editora Atlas},
	Title = {Fundamentos de Metodologia Científica},
	Year = {2003}
}

@article{monteiro2019,
	Author = {Monteiro, Alcides},
	Title = {O que é a Inovação Social? Maleabilidade Conceitual e Implicações Práticas},
	Journal = {Revista Ciências Sociais},
	Number = {62},
	Year = {2019},
	Url = {https://www.scielo.br/j/dados/a/TgyQQ73yL9qF5R3xvSS3J9L/?lang=pt},
	Urlaccessdate = {11 nov. 2024}
}

@book{murray2010,
	Author = {Murray, Robin and Caulier-Grice, Julie and Mulgan, Geoff},
	Title = {The Open Book of Social Innovation},
	Year = {2010},
	Url = {https://youngfoundation.org/wp-content/uploads/2012/10/The-Open-Book-of-Social-Innovationg.pdf},
	Urlaccessdate = {11 nov. 2024}
}

@book{ocde2018,
	Author = {Organização para a Cooperação e Desenvolvimento Econômico - OCDE},
	Title = {Manual de Oslo},
	Year = {2018},
	Url = {https://download.finep.gov.br/imprensa/manual_de_oslo.pdf},
	Urlaccessdate = {11 nov. 2024}
}

@misc{ocde2024social,
	Author = {Organização para a Cooperação e Desenvolvimento Econômico - OCDE},
	Title = {OECD Social Economy and Social Innovation},
	Year = {2024},
	Url = {https://oecd.org/en/topics/social-economy-and-social-innovation.html},
	Urlaccessdate = {11 nov. 2024}
}

@article{pinheiro2020,
	Author = {Pinheiro, Mariana and Chueri, Luciana and Santos, Rodrigo},
	Title = {Identifying Topics and Difficulties on Collaboration in Social
 Innovation Environments},
	Journal = {XVI Brazilian Symposium on Information Systems},
	Year = {2020},
	Url = {https://dl.acm.org/doi/10.1145/3411564.3411581},
	Urlaccessdate = {28 mar. 2025}
}

@misc{portosocial2023,
	Author = {PORTOSOCIAL},
	Title = {Edital CAIS Recife 2023},
	Year = {2023},
	Url = {https://portosocial.org/editais/cais-recife-2023},
	Urlaccessdate = {11 nov. 2024}
}

@misc{proexuepb,
	Author = {Pró-reitoria de Extensão da UEPB - PROEX/UEPB},
	Title = {PROEX: Apresentação},
	Year = {2024},
	Url = {https://uepb.edu.br/proex/inicio/},
	Urlaccessdate = {18 nov. 2024}
}

@book{schumpeter1997,
	Author = {Schumpeter, Joseph Alois},
	Address = {São Paulo},
	Publisher = {Nova Cultural},
	Title = {Os economistas: teoria do desenvolvimento econômico},
	Year = {1997}
}

@book{staron2020,
	Author = {Staron, Miroslaw},
	Address = {Gothenburg},
	Publisher = {Elsevier},
	Title = {Action Research in Software Engineering},
	Year = {2020}
}

@misc{tripp2005,
	Author = {Tripp, David},
	Title = {Pesquisa-ação: uma introdução metodológica},
	Year = {2005},
	Url = {https://www.scielo.br/j/ep/a/3DkbXnqBQqyq5bV4TCL9NSH},
	Urlaccessdate = {14 dez. 2024}
}

@misc{ufpe2022,
	Author = {Universidade Federal de Pernambuco - UFPE},
	Title = {Curricularização da extensão universitária},
	Year = {2022},
	Url = {https://www.ufpe.br/documents/38978/3513190/Resolu%C3%A7%C3%A3o+Curriculariza%C3%A7%C3%A3o+31_22.pdf},
	Urlaccessdate = {11 nov. 2024}
}

@book{wazlawick2014,
	Author = {Wazlawick, Raul Sidnei},
	Address = {Rio de Janeiro},
	Publisher = {Elsevier},
	Title = {Metodologia de Pesquisa para Ciência da Computação},
	Year = {2014}
}

